<record><leader>00000cas a22000007a 4500</leader><controlfield tag="001">17358785</controlfield><controlfield tag="008">880119d19591965ohudr ne      0    0eng d</controlfield><datafield ind1=" " ind2=" " tag="010"><subfield code="a">sn 88078198 </subfield></datafield><datafield ind1=" " ind2=" " tag="040"><subfield code="a">ONP</subfield><subfield code="b">eng</subfield><subfield code="c">ONP</subfield><subfield code="d">NSD</subfield><subfield code="d">OCLCQ</subfield></datafield><datafield ind1=" " ind2=" " tag="042"><subfield code="a">msc</subfield></datafield><datafield ind1="0" ind2="4" tag="245"><subfield code="a">The Times recorder and Zanesville signal.</subfield></datafield><datafield ind1=" " ind2=" " tag="260"><subfield code="a">Zanesville, Ohio :</subfield><subfield code="b">Clay Littick,</subfield><subfield code="c">1959-1965.</subfield></datafield><datafield ind1=" " ind2=" " tag="310"><subfield code="a">Daily</subfield></datafield><datafield ind1="0" ind2=" " tag="362"><subfield code="a">96th year, no. 165 (Dec. 1, 1959)-101st year, no. 337 (Jan. 6, 1965).</subfield></datafield><datafield ind1=" " ind2=" " tag="752"><subfield code="a">United States</subfield><subfield code="b">Ohio</subfield><subfield code="c">Muskingum</subfield><subfield code="d">Zanesville.</subfield></datafield><datafield ind1="0" ind2="4" tag="780"><subfield code="t">Times recorder (Zanesville, Ohio : 1914)</subfield><subfield code="x">1095-8266</subfield><subfield code="w">(DLC)sn 84028840</subfield></datafield><datafield ind1="0" ind2="4" tag="780"><subfield code="t">Zanesville signal (Zanesville, Ohio : 1902)</subfield><subfield code="w">(DLC)sn 84028835</subfield></datafield><datafield ind1="0" ind2="0" tag="785"><subfield code="t">Times recorder (Zanesville, Ohio : 1965)</subfield><subfield code="w">(DLC)sn 88078197</subfield></datafield></record>